% The fields. This file needs to be filled with dummy data. Either fake names
% or maybe something DEK.

@article {test-article,
    author   = "...",
    comment  = "...",
    crossref = "...",
    editor   = "...",
    issue    = "...",
    journal  = "...",
    note     = "...",
    pages    = "...",
    title    = "...",
    volume   = "...",
    year     = "...",
}

@book {test-book,
    author    = "...",
    comment   = "...",
    chapter   = "...",
    crossref  = "...",
    editor    = "...",
    series    = "...",
    pages     = "...",
    publisher = "...",
    volume    = "...",
    year      = "...",
}

@inbook {test-inbook,
}

@booklet {test-booklet,
}

@manual {test-manual,
}

@incollection {test-incollection,
}

@inproceedings {test-inproceedings,
}

@proceedings {test-proceedings,
}

@mastersthesis {test-mastersthesis,
}

@phdthesis {test-phdthesis,
}

@techreport {test-techreport,
}

@misc {test-misc,
}

@unpublished {test-unpublished,
}

