@INBOOK{book01,
   author = "Jonker, J.",
   title = "From Hasselt to America",
   publisher = "Bookplan Publishers",
   year = "2012",
   chapter = "1.2",
}
