@IMAGE {tug2014,
	title       = "TUG 2014",
	url         = "http://tug.org/tug2014/",
	url_image   = "http://tug.org/art/tug2014-color.jpg",
	url_thumb   = "http://tug.org/tug2014/t2014-thumb.jpg",
	description = "Official drawing of the TUG 2014 conference",
	author      = "Duane Bibby",
	year        = 2014,
}

@IMAGE {tug2013,
	title       = "TUG 2013",
	url         = "http://tug.org/tug2013/",
	url_image   = "http://tug.org/tug2013/tug2013-color-300.jpg",
	url_thumb   = "http://tug.org/tug2013/t2013-thumb.jpg",
	description = "Official drawing of the TUG 2013 conference",
	author      = "Duane Bibby",
	year        = 2013,
}

@IMAGE {tug2012,
	title       = "TUG 2012",
	url         = "http://tug.org/tug2012/",
	url_image   = "http://www.tug.org/art/tug2012-color.jpg",
	url_thumb   = "http://www.tug.org/tug2012/t2012-thumb.jpg",
	description = "Official drawing of the TUG 2012 conference",
	author      = "Duane Bibby",
	year        = 2012,
}

@IMAGE {tug2011,
	title       = "TUG 2011: TeX in the eBook era",
	url         = "http://tug.org/tug2011/",
	url_image   = "http://www.tug.org/art/tug2011-boatrace.jpg",
	url_thumb   = "http://www.tug.org/tug2011/art/t2011-thumb.jpg",
	description = "Official drawing of the TUG 2011 conference",
	author      = "Duane Bibby",
	year        = 2011,
}

@IMAGE {tug2010,
	title       = "TUG 2010: TeX's $2^5$ anniversary",
	url         = "http://tug.org/tug2010/",
	url_image   = "http://www.tug.org/art/tug2010-color.jpg",
	url_thumb   = "http://www.tug.org/tug2010/t2010-thumb.jpg",
	description = "Official drawing of the TUG 2010 conference",
	author      = "Duane Bibby",
	year        = 2010,
}

@IMAGE {tug2009,
	title       = "TUG 2009",
	url         = "http://tug.org/tug2009/",
	url_image   = "http://www.tug.org/art/tug2009.jpg",
	url_thumb   = "http://www.tug.org/tug2009/t2009-thumb.jpg",
	description = "Official drawing of the TUG 2009 conference",
	author      = "Duane Bibby",
	year        = 2009,
}

@IMAGE {tug2008,
	title       = "TUG 2008",
	url         = "http://www.ucc.ie/archive/tug2008/",
	url_image   = "http://www.tug.org/art/tug2008.jpg",
	url_thumb   = "",
	description = "Official drawing of the TUG 2008 conference",
	author      = "Duane Bibby",
	year        = 2008,
}

@IMAGE {tug2007,
	title       = "TUG 2007",
	url         = "http://tug.org/tug2007/",
	url_image   = "http://www.tug.org/tug2007/t2007.jpg",
	url_thumb   = "http://www.tug.org/tug2007/t2007-thumb.jpg",
	description = "Official drawing of the TUG 2007 conference",
	author      = "Duane Bibby",
	year        = 2007,
}

% URL not working
@IMAGE {tug2006,
	title       = "TUG 2006",
	url         = "http://tug.org/tug2006/",
	url_image   = "http://www.tug.org/art/tug2006-color.jpg",
	url_thumb   = "",
	description = "Official drawing of the TUG 2006 conference",
	author      = "Duane Bibby",
	year        = 2006,
}

@IMAGE {tug2006bw,
	title       = "TUG 2006 b&w",
	url         = "http://tug.org/tug2006/",
	url_image   = "http://www.tug.org/art/tug2006-bw.jpg",
	url_thumb   = "",
    colorspace  = "gray",
	description = "Official drawing of the TUG 2006 conference (black and white version)",
	author      = "Duane Bibby",
	year        = 2006,
}


@IMAGE {tug2005,
	title       = "TUG 2005",
	url         = "http://tug.org/tug2005/",
	url_image   = "http://www.tug.org/art/tug2005.jpg",
	url_thumb   = "",
	description = "Official drawing of the TUG 200 conference",
	author      = "Duane Bibby",
	year        = 2005,
}

% http://www.tug.org/art/
% https://tug.org/meetings.html
% http://www.tug.org/tug2001/bulletin/bulletin.jpg
