@BOOK {h2o:layouts-in-context,
	title       = "Layouts in ConTeXt",
	author      = "Taco Hoekwater and Hans Hagen and Willi Egger",
	year        = 2011,
	month       = 07,
	day         = 11,
	url         = "http://www.h2o-books.com/node/12",
	url_image   = "http://www.h2o-books.com/sites/default/files/imagecache/product_full/layout-cover.png",
	url_thumb   = "http://www.h2o-books.com/sites/default/files/imagecache/product/layout-cover.png",
	price       = 24,
}

@BOOK {h2o:fonts-in-context,
	title       = "Fonts in ConTeXt",
	author      = "Taco Hoekwater and Hans Hagen",
	year        = 2011,
	month       = 02,
	day         = 18,
	url         = "http://www.h2o-books.com/node/11",
	url_image   = "http://www.h2o-books.com/sites/default/files/imagecache/product_full/fonts-cover.png",
	url_thumb   = "http://www.h2o-books.com/sites/default/files/imagecache/product/fonts-cover.png",
	price       = 19,
}

@BOOK {h2o:mkii-mkiv,
	title       = "MKII - MKIV, the history of LuaTeX",
	author      = "Hans Hagen",
	year        = 2010,
	month       = 10,
	day         = 30,
	url         = "http://www.h2o-books.com/node/10",
	url_image   = "http://www.h2o-books.com/sites/default/files/imagecache/product_full/mk-thumb.png",
	url_thumb   = "http://www.h2o-books.com/sites/default/files/imagecache/product/mk-thumb.png",
	price       = 49,
}

@BOOK {h2o:metafun-manual,
	title       = "MetaFun manual",
	author      = "Hans Hagen",
	year        = 2010,
	month       = 10,
	day         = 10,
	url         = "http://www.h2o-books.com/node/9",
	url_image   = "http://www.h2o-books.com/sites/default/files/imagecache/product_full/metafun-thumb_0.png",
	url_thumb   = "http://www.h2o-books.com/sites/default/files/imagecache/product/metafun-thumb_0.png",
	price       = 49,
}
