%%% ====================================================================
%%%  BibTeX-file{
%%%     author          = "BibNet",
%%%     version         = "1.01",
%%%     date            = "06 April 1995",
%%%     time            = "10:40:31 MST",
%%%     filename        = "template.bib",
%%%     address         = "Center for Scientific Computing
%%%                        Department of Mathematics
%%%                        University of Utah
%%%                        Salt Lake City, UT 84112
%%%                        USA
%%%                            and
%%%                        Utah Supercomputing Institute
%%%                        University of Utah
%%%                        Salt Lake City, UT 84112
%%%                        USA",
%%%     telephone       = "+1 801 581 5254",
%%%     FAX             = "+1 801 581 4148",
%%%     checksum        = "50833 419 1409 11712",
%%%     email           = "bibnet at math.utah.edu (Internet)",
%%%     codetable       = "ISO/ASCII",
%%%     keywords        = "BibTeX, template",
%%%     supported       = "yes",
%%%     docstring       = "This file contains empty sample BibTeX entry
%%%                        templates, and one filled-in example of each.
%%%
%%%                        The checksum field above contains a CRC-16
%%%                        checksum as the first value, followed by the
%%%                        equivalent of the standard UNIX wc (word
%%%                        count) utility output of lines, words, and
%%%                        characters.  This is produced by Robert
%%%                        Solovay's checksum utility.",
%%%  }
%%% ====================================================================

% @Article{,
%   author =       "",
%   title =        "",
%   journal =      "",
%   year =         "",
%   OPTvolume =    "",
%   OPTnumber =    "",
%   OPTpages =     "",
%   OPTmonth =     "",
%   OPTnote =      "",
%   bibdate =      "Thu Feb 10 16:53:42 1994",
% }
%
% @Booklet{,
%   title =        "",
%   OPTauthor =    "",
%   OPThowpublished = "",
%   OPTaddress =   "",
%   OPTmonth =     "",
%   OPTyear =      "",
%   OPTnote =      "",
%   bibdate =      "Thu Feb 10 16:53:33 1994",
% }
%
% @Book{,
%   author =       "",
%   title =        "",
%   publisher =    "",
%   year =         "",
%   ISBN =         "",
%   LCCN =         "",
%   OPTeditor =    "",
%   OPTvolume =    "",
%   OPTnumber =    "",
%   OPTseries =    "",
%   OPTaddress =   "",
%   OPTedition =   "",
%   OPTmonth =     "",
%   OPTnote =      "",
%   OPTpages =     "",
%   OPTprice =     "",
%   OPTacknowledgement = "",
%   bibdate =      "Thu Feb 10 16:53:36 1994",
% }
%
% @InBook{,
%   author =       "",
%   title =        "",
%   chapter =      "",
%   publisher =    "",
%   year =         "",
%   ISBN =         "",
%   LCCN =         "",
%   OPTeditor =    "",
%   OPTvolume =    "",
%   OPTnumber =    "",
%   OPTseries =    "",
%   OPTaddress =   "",
%   OPTedition =   "",
%   OPTmonth =     "",
%   OPTtype =      "",
%   OPTnote =      "",
%   OPTpages =     "",
%   OPTprice =     "",
%   OPTacknowledgement = "",
%   bibdate =      "Thu Feb 10 16:52:57 1994",
% }
%
% @InCollection{,
%   author =       "",
%   title =        "",
%   booktitle =    "",
%   publisher =    "",
%   year =         "",
%   ISBN =         "",
%   LCCN =         "",
%   OPTeditor =    "",
%   OPTvolume =    "",
%   OPTnumber =    "",
%   OPTseries =    "",
%   OPTtype =      "",
%   OPTchapter =   "",
%   OPTaddress =   "",
%   OPTedition =   "",
%   OPTmonth =     "",
%   OPTnote =      "",
%   OPTpages =     "",
%   OPTprice =     "",
%   OPTacknowledgement = "",
%   bibdate =      "Thu Feb 10 16:52:36 1994",
% }
%
% @InProceedings{,
%   author =       "",
%   title =        "",
%   booktitle =    "",
%   year =         "",
%   ISBN =         "",
%   ISBN =         "",
%   OPTeditor =    "",
%   OPTvolume =    "",
%   OPTnumber =    "",
%   OPTseries =    "",
%   OPTorganization = "",
%   OPTpublisher = "",
%   OPTaddress =   "",
%   OPTmonth =     "",
%   OPTnote =      "",
%   OPTpages =     "",
%   OPTprice =     "",
%   bibdate =      "Thu Feb 10 16:53:46 1994",
% }
%
% @Manual{,
%   title =        "",
%   OPTauthor =    "",
%   OPTorganization = "",
%   OPTaddress =   "",
%   OPTedition =   "",
%   OPTyear =      "",
%   OPTmonth =     "",
%   OPTnote =      "",
%   bibdate =      "Thu Feb 10 16:53:17 1994",
% }
%
% @MastersThesis{,
%   author =       "",
%   title =        "",
%   school =       "",
%   year =         "",
%   OPTaddress =   "",
%   OPTmonth =     "",
%   OPTnote =      "",
%   OPTtype =      "",
%   bibdate =      "Thu Feb 10 16:53:30 1994",
% }
%
% @Misc{,
%   OPTauthor =    "",
%   OPTtitle =     "",
%   OPThowpublished = "",
%   OPTyear =      "",
%   OPTmonth =     "",
%   OPTnote =      "",
%   bibdate =      "Thu Feb 10 16:52:31 1994",
% }
%
% @Periodical{,
%   key =          "",
%   title =        "",
%   OPTeditor =    "",
%   OPTorganization = "",
%   OPTvolume =    "",
%   OPTnumber =    "",
%   OPTpages =     "",
%   OPTmonth =     "",
%   OPTyear =      "",
%   OPTISSN =      "",
%   OPTpublisher = "",
%   OPTaddress =   "",
%   OPThowpublished = "",
%   OPTnote =      "",
%   OPTkeywords =  "",
%   bibdate =      "Thu Feb 10 16:52:20 1994",
% }
%
% @PhdThesis{,
%   author =       "",
%   title =        "",
%   school =       "",
%   year =         "",
%   OPTaddress =   "",
%   OPTmonth =     "",
%   OPTtype =      "",
%   OPTnote =      "",
%   bibdate =      "Thu Feb 10 16:53:28 1994",
% }
%
% @Proceedings{,
%   title =        "",
%   year =         "",
%   ISBN =         "",
%   OPTeditor =    "",
%   OPTvolume =    "",
%   OPTnumber =    "",
%   OPTseries =    "",
%   OPTpublisher = "",
%   OPTorganization = "",
%   OPTaddress =   "",
%   OPTmonth =     "",
%   OPTnote =      "",
%   OPTpages =     "",
%   OPTacknowledgement = "",
%   bibdate =      "Thu Feb 10 16:53:13 1994",
% }
%
% @TechReport{,
%   author =       "",
%   title =        "",
%   institution =  "",
%   year =         "",
%   OPTtype =      "",
%   OPTnumber =    "",
%   OPTaddress =   "",
%   OPTmonth =     "",
%   OPTnote =      "",
%   bibdate =      "Thu Feb 10 16:53:24 1994",
% }
%
% @Unpublished{,
%   author =       "",
%   title =        "",
%   note =         "",
%   OPTyear =      "",
%   OPTmonth =     "",
%   bibdate =      "Thu Feb 10 16:52:27 1994",
% }

%%======================================================================
@String{inst-mit        = "Massachusetts Institute of Technology"}

@String{j-SPE           = "Soft{\-}ware\emdash Prac{\-}tice and Experience"}

@String{pub-ADOBE       = "{Adobe Systems Incorporated}"}
@String{pub-ADOBE:adr   = "1585 Charleston Road, P.~O. Box 7900, Mountain
                           View, CA 94039-7900, USA, Tel: (415) 961-4400"}
@String{pub-CUP         = "Cambridge University Press"}
@String{pub-CUP:adr     = "New York"}
@String{pub-CURSCI        = "Current Science"}
@String{pub-CURSCI:adr    = "34--42 Cleveland Street, London, UK"}

@String{pub-PH          = "Pren{\-}tice-Hall"}
@String{pub-PH:adr      = "Englewood Cliffs, NJ 07632, USA"}

@Article{Chen:1988:IPP,
  author =       "Pehong Chen and Michael A. Harrison",
  title =        "Index Preparation and Processing",
  journal =      j-SPE,
  year =         "1988",
  volume =       "19",
  number =       "9",
  pages =        "897--915",
  month =        sep,
  note =         "The {\LaTeX} text of this paper is included in the
                 {\tt makeindex} software distribution.",
}

@Book{Kahaner:1989:NMS,
  author =       "David Kahaner and Cleve Moler and Stephen Nash",
  title =        "Numerical Methods and Software",
  publisher =    pub-PH,
  address =      pub-PH:adr,
  year =         "1989",
  ISBN =         "0-13-627258-4",
  LCCN =         "TA345 .K341 1989",
  pages =        "xii + 495",
  bibdate =      "Wed Dec 15 10:35:43 1993",
}

@InBook{Fletcher:1987:PMO,
  author =       "R. Fletcher",
  title =        "Practical Methods of Optimization",
  chapter =      "8.7~: {P}olynomial time algorithms",
  pages =        "183--188",
  publisher =    "John Wiley~\&~Sons",
  address =      "New York",
  edition =      "second",
  year =         "1987",
}

@InCollection{Johnson:1987:LDT,
  author =       "Steven C. Johnson and Michael E. Lesk",
  title =        "Language Development Tools",
  booktitle =    "{UNIX} System Readings and Applications",
  publisher =    pub-PH,
  address =      pub-PH:adr,
  year =         "1987",
  pages =        "245--265",
  note =         "Reprinted from {T}he {B}ell {S}ystem {T}echnical
                 {J}ournal, 1978",
}

@InProceedings{Gray:1988:GLA,
  author =       "Robert W. Gray",
  title =        "$\gamma$-{GLA}\emdash A Generator for Lexical
                 Analyzers that Programmers Can Use",
  booktitle =    "Summer USENIX '88",
  year =         "1988",
  pages =        "147--160",
  month =        jun # " 20--24",
}

@Manual{Adobe:1990:ATF,
  author =       pub-ADOBE,
  title =        "Adobe Type 1 Font Format",
  organization = pub-ADOBE,
  address =      pub-ADOBE:adr,
  year =         "1990",
  month =        mar,
  partnumber =   "LPS0064",
}

@Mastersthesis{Adams:1986:DFL,
  title =        "A Dialogue of Forms: Letters and Digital Font Design",
  author =       "Debra Anne Adams",
  year =         "1986",
  month =        sep,
  school =       inst-mit,
  address =      "MIT Microreproduction Lab, 77 Massachusetts Avenue,
                 room 014-0551, Cambridge, MA 02139. \$46.35",
  comments =     "Deriving other characters from the control characters
                 in a typeface. Her work continues at Xerox.",
}

@Misc{Abraxas:1987:P,
  author =       "{Abraxas Software, Inc.}",
  title =        "{PCYACC} 2.0",
  note =         "7033 SW Macadam Ave., Portland, OR 97219.",
  year =         "1987",
}

@Periodical{CurSci:1987:A,
  key =          "C01AIDS",
  title =        "{AIDS}",
  year =         "1987--date{}",
  publisher =    pub-CURSCI,
  address =      pub-CURSCI:adr,
  acknowledgement = ack-ga-gt,
  note =         "Current Science publishes more than 80 medical
                 periodicals using an in-house markup language for
                 which {\TeX} is the back-end typesetting system. All
                 submitted articles (whether on paper or on magnetic
                 media) are rekeyed by clerical staff into the markup
                 system.",
}

@Phdthesis{Naiman:1991:UGI,
  author =       "Avi Naiman",
  title =        "The Use of Grayscale for Improved Character
                 Presentation",
  school =       "University of Toronto",
  year =         "1991",
  address =      "ATTN: Technical Reports,
                  Computer Systems Research Institute,
                  University of Toronto,
                  6 King's College Road,
                  Toronto, Ontario M5S 1A1,
                  CANADA,
                  Tel: (416) 978-8751.
                  The cost is CDN\$16 if inside Canada, US\$16 if outside.
                  Avi's e-mail address is \path|avi@cvs.rochester.edu|.",
  note =          "Technical report CSRI-253",
  acknowledgement = ack-kb,
}

@Proceedings{Andre:1989:RID,
  title =        "Raster Imaging and Digital Topography",
  year =         "1989",
  editor =       "Jacques Andr{\'e} and Roger Hersch",
  publisher =    pub-CUP,
  ISBN =         "0-521-37490-1",
}

@TechReport{Chen:1987:AIP,
  author =       "Pehong Chen and Michael A. Harrison",
  title =        "Automating Index Preparation",
  institution =  "Computer Science Division, University of California",
  year =         "1987",
  type =         "Technical Report",
  number =       "87/347",
  address =      "Berkeley, CA, USA",
  month =        mar,
  note =         "This is an expanded version of
                 \cite{Chen:SPE-19-9-897}.",
}

@Unpublished{English:1987:UMO,
  title =        "Using {METAFONT} for Original Font Design",
  author =       "Paul M. English",
  month =        aug,
  year =         "1987",
  institution =  "University of Massachusetts at Boston",
}
