% A few examples from the MetaPost graph manual that Alan was updating
% at the time we wrote the new bib code. Watch how uppercase is used here
% as well as curly braces instead of double quote characters,

@INCOLLECTION{Bentley1990,
  author = {Bentley, Jon L. and Kernighan, Brian W.},
  year = {1990},
  title = {Grap—A language for Typesetting Graphs},
  booktitle = {Unix Research System Papers},
  publisher = {{AT\&T} Bell Laboratories},
  volume = {{II}},
  pages = {109–146},
  address = {Murray Hill, New Jersey},
  edition = {Tenth},
}

@BOOK{Cleveland1985,
  author = {Cleveland, William S.},
  year = {1985, revised 1994},
  title = {The Elements of Graphing Data},
  publisher = {Hobart Press},
  address = {Summit, New Jersey},
}

@BOOK{Cleveland1993,
  author = {Cleveland, William S.},
  year = {1993},
  title = {Visualizing Data},
  publisher = {Hobart Press},
  address = {Summit, New Jersey},
}

@ARTICLE{Cleveland1993a,
  author = {Cleveland, William S.},
  year = {1993},
  title = {A Model for Studying Display Methods of StatisticalGraphics (with
	discussion)},
  journal = {Journal of Computational and Statistical Graphics},
  volume = {2},
  pages = {323–343},
  number = {4},
  doi = {10.1080/10618600.1993.10474616},
  eprint = {http://www.tandfonline.com/doi/pdf/10.1080/10618600.1993.10474616},
  url = {http://www.tandfonline.com/doi/abs/10.1080/10618600.1993.10474616},
}

@BOOK{Tufte1983,
  author = {Tufte, Edward R.},
  year = {1983},
  title = {Visual Display of Quantitative Information},
  publisher = {Graphics Press},
  address = {Box 430, Cheshire, Connecticut 06410},
}
